[
  {
    "company": "DIPPED PRODUCTS PLC",
    "symbol": null,
    "fiscal_year": "2021/22",
    "quarter": "Q2",
    "period_end_date": "2021-12-31",
    "currency": "LKR",
    "unit_multiplier": 1000,
    "revenue": 12730290,
    "cogs": -10421358,
    "gross_profit": 2308932,
    "operating_expenses": -1210000,
    "operating_income": 1169932,
    "net_income": 927179
  },
  {
    "company": "DIPPED PRODUCTS PLC",
    "symbol": null,
    "fiscal_year": "2021/22",
    "quarter": "Q1",
    "period_end_date": "2022-03-31",
    "currency": "LKR",
    "unit_multiplier": 1000,
    "revenue": 12550,
    "cogs": -10174,
    "gross_profit": 2376,
    "operating_expenses": -1911,
    "operating_income": 465,
    "net_income": 3011
  },
  {
    "company": "DIPPED PRODUCTS PLC",
    "symbol": null,
    "fiscal_year": "2022/23",
    "quarter": "Q1",
    "period_end_date": "2022-06-30",
    "currency": "LKR",
    "unit_multiplier": 1000,
    "revenue": 20730476,
    "cogs": -15374560,
    "gross_profit": 5355916,
    "operating_expenses": -2260288,
    "operating_income": 3095628,
    "net_income": 4252636
  },
  {
    "company": "DIPPED PRODUCTS PLC",
    "symbol": null,
    "fiscal_year": "2022/23",
    "quarter": "Q2",
    "period_end_date": "2022-09-30",
    "currency": "LKR",
    "unit_multiplier": 1000,
    "revenue": 1994058,
    "cogs": -31989523,
    "gross_profit": 1004535,
    "operating_expenses": -1851685,
    "operating_income": 819850,
    "net_income": 6079948
  },
  {
    "company": "DIPPED PRODUCTS PLC",
    "symbol": null,
    "fiscal_year": "2022/23",
    "quarter": "Q2",
    "period_end_date": "2022-12-31",
    "currency": "LKR",
    "unit_multiplier": 1000,
    "revenue": 61581013,
    "cogs": -47318492,
    "gross_profit": 14262521,
    "operating_expenses": -4200000,
    "operating_income": 10000000,
    "net_income": 7001987
  },
  {
    "company": "DIPPED PRODUCTS PLC",
    "symbol": null,
    "fiscal_year": "2022/23",
    "quarter": "Q1",
    "period_end_date": "2023-03-31",
    "currency": "LKR",
    "unit_multiplier": 1000,
    "revenue": 18518,
    "cogs": -13172,
    "gross_profit": 5347,
    "operating_expenses": -3137,
    "operating_income": 2210,
    "net_income": 1500
  },
  {
    "company": "DIPPED PRODUCTS PLC",
    "symbol": null,
    "fiscal_year": "2023/24",
    "quarter": "Q1",
    "period_end_date": "2023-06-30",
    "currency": "LKR",
    "unit_multiplier": 1000,
    "revenue": 18551212,
    "cogs": -15084368,
    "gross_profit": 3466844,
    "operating_expenses": -348559,
    "operating_income": 3118285,
    "net_income": 719991
  },
  {
    "company": "DIPPED PRODUCTS PLC",
    "symbol": null,
    "fiscal_year": "2023/24",
    "quarter": "Q1",
    "period_end_date": "2023-09-30",
    "currency": "LKR",
    "unit_multiplier": 1000,
    "revenue": 18272,
    "cogs": -14039,
    "gross_profit": 4234,
    "operating_expenses": -744,
    "operating_income": 3490,
    "net_income": 1143
  },
  {
    "company": "DIPPED PRODUCTS PLC",
    "symbol": null,
    "fiscal_year": "2023/24",
    "quarter": "Q2",
    "period_end_date": "2023-12-31",
    "currency": "LKR",
    "unit_multiplier": 1000,
    "revenue": 18041,
    "cogs": -14176,
    "gross_profit": 3866,
    "operating_expenses": -2658,
    "operating_income": 1208,
    "net_income": 916
  },
  {
    "company": "DIPPED PRODUCTS PLC",
    "symbol": null,
    "fiscal_year": "2023/24",
    "quarter": "Q1",
    "period_end_date": "2024-03-31",
    "currency": "LKR",
    "unit_multiplier": 1000,
    "revenue": 19076,
    "cogs": -13583,
    "gross_profit": 5492,
    "operating_expenses": -1355,
    "operating_income": 4137,
    "net_income": 2958
  },
  {
    "company": "DIPPED PRODUCTS PLC",
    "symbol": null,
    "fiscal_year": "2024/25",
    "quarter": "Q1",
    "period_end_date": "2024-06-30",
    "currency": "LKR",
    "unit_multiplier": 1000,
    "revenue": 19186326,
    "cogs": -15665738,
    "gross_profit": 3520588,
    "operating_expenses": -2059343,
    "operating_income": 1461245,
    "net_income": 812512
  },
  {
    "company": "DIPPED PRODUCTS PLC",
    "symbol": null,
    "fiscal_year": "2024/25",
    "quarter": "Q1",
    "period_end_date": "2024-09-30",
    "currency": "LKR",
    "unit_multiplier": 1000,
    "revenue": 40463469,
    "cogs": -32303881,
    "gross_profit": 8159588,
    "operating_expenses": -525350,
    "operating_income": 4134238,
    "net_income": 2119244
  },
  {
    "company": "DIPPED PRODUCTS PLC",
    "symbol": null,
    "fiscal_year": "2024/25",
    "quarter": "Q2",
    "period_end_date": "2024-12-31",
    "currency": "LKR",
    "unit_multiplier": 1000,
    "revenue": 19343,
    "cogs": -15514,
    "gross_profit": 3828,
    "operating_expenses": -2886,
    "operating_income": 1942,
    "net_income": 1157
  }
]