[
  {
    "company": "Richard Pieris Exports PLC",
    "symbol": null,
    "fiscal_year": "2021/22",
    "quarter": "Q1",
    "period_end_date": "2021-12-31",
    "currency": "LKR",
    "unit_multiplier": 1000,
    "revenue": 1778416,
    "cogs": -1202429,
    "gross_profit": 575987,
    "operating_expenses": -376883,
    "operating_income": 205982,
    "net_income": 181879
  },
  {
    "company": "Richard Pieris Exports PLC",
    "symbol": null,
    "fiscal_year": "2021/22",
    "quarter": "Q1",
    "period_end_date": "2022-03-31",
    "currency": "LKR",
    "unit_multiplier": 1000,
    "revenue": 1604137,
    "cogs": -1037979,
    "gross_profit": 566158,
    "operating_expenses": -410158,
    "operating_income": 169189,
    "net_income": 1033224
  },
  {
    "company": "Richard Pieris Exports PLC",
    "symbol": "",
    "fiscal_year": "2022/23",
    "quarter": "Q1",
    "period_end_date": "2022-06-30",
    "currency": "LKR",
    "unit_multiplier": 1000,
    "revenue": 2767931,
    "cogs": -1735091,
    "gross_profit": 1032840,
    "operating_expenses": -580826,
    "operating_income": 452814,
    "net_income": 991673
  },
  {
    "company": "Richard Pieris Exports PLC",
    "symbol": "RPEL",
    "fiscal_year": "2022/23",
    "quarter": "Q1",
    "period_end_date": "2022-09-30",
    "currency": "LKR",
    "unit_multiplier": 1000,
    "revenue": 2661097,
    "cogs": -1979877,
    "gross_profit": 681220,
    "operating_expenses": -469543,
    "operating_income": 217655,
    "net_income": 250220
  },
  {
    "company": "Richard Pieris Exports PLC",
    "symbol": null,
    "fiscal_year": "2022/23",
    "quarter": "Q1",
    "period_end_date": "2022-12-31",
    "currency": "LKR",
    "unit_multiplier": 1000,
    "revenue": 1909048,
    "cogs": -1487153,
    "gross_profit": 421895,
    "operating_expenses": -417518,
    "operating_income": 11502,
    "net_income": 52543
  },
  {
    "company": "Richard Pieris Exports PLC",
    "symbol": null,
    "fiscal_year": "2023/24",
    "quarter": "Q1",
    "period_end_date": "2023-03-31",
    "currency": "LKR",
    "unit_multiplier": 1000,
    "revenue": 1702720,
    "cogs": -1234766,
    "gross_profit": 467954,
    "operating_expenses": -455982,
    "operating_income": 19939,
    "net_income": -247433
  },
  {
    "company": "Richard Pieris Exports PLC",
    "symbol": "",
    "fiscal_year": "2023/24",
    "quarter": "Q1",
    "period_end_date": "2023-06-30",
    "currency": "LKR",
    "unit_multiplier": 1000,
    "revenue": 1474458,
    "cogs": -1275967,
    "gross_profit": 198491,
    "operating_expenses": -251260,
    "operating_income": -44991,
    "net_income": -142922
  },
  {
    "company": "Richard Pieris Exports PLC",
    "symbol": null,
    "fiscal_year": "2023/24",
    "quarter": "Q1",
    "period_end_date": "2023-09-30",
    "currency": "LKR",
    "unit_multiplier": 1000,
    "revenue": 2069984,
    "cogs": -1661929,
    "gross_profit": 408055,
    "operating_expenses": -305416,
    "operating_income": 113159,
    "net_income": 175867
  },
  {
    "company": "Richard Pieris Exports PLC",
    "symbol": null,
    "fiscal_year": "2023/24",
    "quarter": "Q1",
    "period_end_date": "2023-12-31",
    "currency": "LKR",
    "unit_multiplier": 1000,
    "revenue": 2089873,
    "cogs": -1670217,
    "gross_profit": 419656,
    "operating_expenses": -344182,
    "operating_income": 87501,
    "net_income": 70783
  },
  {
    "company": "Richard Pieris Exports PLC",
    "symbol": null,
    "fiscal_year": "2023/24",
    "quarter": "Q1",
    "period_end_date": "2024-03-31",
    "currency": "LKR",
    "unit_multiplier": 1000,
    "revenue": 1486128,
    "cogs": -1123186,
    "gross_profit": 362942,
    "operating_expenses": -238102,
    "operating_income": 135080,
    "net_income": -69608
  },
  {
    "company": "Richard Pieris Exports PLC",
    "symbol": "",
    "fiscal_year": "2024/25",
    "quarter": "Q1",
    "period_end_date": "2024-06-30",
    "currency": "LKR",
    "unit_multiplier": 1000,
    "revenue": 147120443,
    "cogs": -5731299,
    "gross_profit": 1389144,
    "operating_expenses": -759240,
    "operating_income": 290750,
    "net_income": 34136
  },
  {
    "company": "Richard Pieris Exports PLC",
    "symbol": "",
    "fiscal_year": "2024/25",
    "quarter": "Q1",
    "period_end_date": "2024-09-30",
    "currency": "LKR",
    "unit_multiplier": 1000,
    "revenue": 2139733,
    "cogs": -1707131,
    "gross_profit": 426602,
    "operating_expenses": -440113,
    "operating_income": -13411,
    "net_income": -53830
  },
  {
    "company": "Richard Pieris Exports PLC",
    "symbol": null,
    "fiscal_year": "2024/25",
    "quarter": "Q1",
    "period_end_date": "2024-12-31",
    "currency": "LKR",
    "unit_multiplier": 1000,
    "revenue": 1941892,
    "cogs": -1607594,
    "gross_profit": 334298,
    "operating_expenses": -366856,
    "operating_income": -26507,
    "net_income": -53988
  }
]